@inproceedings{pumpkinpatch,
author = {Ringer, Talia and Yazdani, Nathaniel and Leo, John and Grossman, Dan},
title = {Adapting Proof Automation to Adapt Proofs},
year = {2018},
isbn = {9781450355865},
publisher = {Association for Computing Machinery},
address = {New York, NY, USA},
url = {https://doi.org/10.1145/3167094},
doi = {10.1145/3167094},
booktitle = {Proceedings of the 7th ACM SIGPLAN International Conference on Certified Programs and Proofs},
pages = {115–129},
numpages = {15},
keywords = {proof repair, proof automation, proof evolution},
location = {Los Angeles, CA, USA},
series = {CPP 2018}
}

@inproceedings{inproceedings,
author = {Ringer, Talia and Sanchez-Stern, Alex and Grossman, Dan and Lerner, Sorin},
year = {2020},
month = {01},
pages = {99-113},
title = {REPLica: REPL instrumentation for Coq analysis},
doi = {10.1145/3372885.3373823},
booktitle = {Proceedings of the 9th ACM SIGPLAN International Conference on Certified Programs and Proofs},
series = {CPP 2020}
}
  
@article{PGL-045,
url = {http://dx.doi.org/10.1561/2500000045},
year = {2019},
volume = {5},
journal = {Foundations and Trends® in Programming Languages},
title = {QED at Large: A Survey of Engineering of Formally Verified Software},
doi = {10.1561/2500000045},
issn = {2325-1107},
number = {2-3},
pages = {102-281},
author = {Talia Ringer and Karl Palmskog and Ilya Sergey and Milos Gligoric and Zachary Tatlock}
}

@InProceedings{Ringer2019,
  author =	{Talia Ringer and Nathaniel Yazdani and John Leo and Dan Grossman},
  title =	{{Ornaments for Proof Reuse in Coq}},
  booktitle =	{10th International Conference on Interactive Theorem Proving (ITP 2019)},
  pages =	{26:1--26:19},
  series =	{Leibniz International Proceedings in Informatics (LIPIcs)},
  ISBN =	{978-3-95977-122-1},
  ISSN =	{1868-8969},
  year =	{2019},
  volume =	{141},
  editor =	{John Harrison and John O'Leary and Andrew Tolmach},
  publisher =	{Schloss Dagstuhl--Leibniz-Zentrum fuer Informatik},
  address =	{Dagstuhl, Germany},
  doi =		{10.4230/LIPIcs.ITP.2019.26},
  annote =	{Keywords: ornaments, proof reuse, proof automation}
}


